<record><leader>00000cas a2200000 a 4500</leader><controlfield tag="001">13515808</controlfield><controlfield tag="008">860501d19011916mouwr ne      0    0eng d</controlfield><datafield ind1=" " ind2=" " tag="010"><subfield code="a">sn 86063652 </subfield></datafield><datafield ind1=" " ind2=" " tag="040"><subfield code="a">KSH</subfield><subfield code="b">eng</subfield><subfield code="c">KSH</subfield><subfield code="d">NPT</subfield><subfield code="d">MQN</subfield><subfield code="d">OCL</subfield><subfield code="d">OCLCQ</subfield><subfield code="d">OCLCF</subfield><subfield code="d">OCLCO</subfield></datafield><datafield ind1="1" ind2=" " tag="029"><subfield code="a">AU@</subfield><subfield code="b">000022168709</subfield></datafield><datafield ind1=" " ind2=" " tag="042"><subfield code="a">msc</subfield></datafield><datafield ind1=" " ind2=" " tag="043"><subfield code="a">n-us-mo</subfield></datafield><datafield ind1="0" ind2=" " tag="130"><subfield code="a">Southwest journal (Peirce City, Mo.)</subfield></datafield><datafield ind1="1" ind2="4" tag="245"><subfield code="a">The southwest journal.</subfield></datafield><datafield ind1=" " ind2=" " tag="260"><subfield code="a">Peirce City [Pierce City], Mo. :</subfield><subfield code="b">Dow Print. Co.,</subfield><subfield code="c">1901-1916.</subfield></datafield><datafield ind1=" " ind2=" " tag="300"><subfield code="a">v. ;</subfield><subfield code="c">41 cm.</subfield></datafield><datafield ind1=" " ind2=" " tag="310"><subfield code="a">Weekly</subfield></datafield><datafield ind1="0" ind2=" " tag="362"><subfield code="a">Vol. 1, no. 1 (Oct. 12, 1901)-v. 16, no. 38 (July 21, 1916).</subfield></datafield><datafield ind1=" " ind2="0" tag="651"><subfield code="a">Pierce City (Mo.)</subfield><subfield code="v">Newspapers.</subfield></datafield><datafield ind1=" " ind2="7" tag="655"><subfield code="a">Newspapers.</subfield><subfield code="2">fast</subfield><subfield code="0">(OCoLC)fst01423814</subfield></datafield><datafield ind1=" " ind2="7" tag="651"><subfield code="a">Missouri</subfield><subfield code="z">Pierce City.</subfield><subfield code="2">fast</subfield><subfield code="0">(OCoLC)fst01874172</subfield></datafield><datafield ind1=" " ind2=" " tag="752"><subfield code="a">United States</subfield><subfield code="b">Missouri</subfield><subfield code="c">Lawrence</subfield><subfield code="d">Pierce City.</subfield></datafield><datafield ind1=" " ind2=" " tag="752"><subfield code="a">United States</subfield><subfield code="b">Missouri</subfield><subfield code="c">Lawrence</subfield><subfield code="d">Peirce City.</subfield></datafield><datafield ind1="0" ind2="0" tag="785"><subfield code="t">Peirce City journal</subfield><subfield code="w">(DLC)sn 89066527</subfield></datafield></record>